@article{sheng2013sensing,
	title = {Sensing as a Service: Challenges, solutions and future directions},
	author = {Sheng, Xiang and Tang, Jian and Xiao, Xuejie and Xue, Guoliang},
	journal = {Sensors Journal, IEEE},
	volume = {13},
	number = {10},
	pages = {3733--3741},
	year = {2013},
	publisher = {IEEE}
}

@article{iotsurvey,
	author = {Atzori, Luigi and Iera, Antonio and Morabito, Giacomo},
	title = {{The Internet of Things: A Survey}},
	journal = {Comput. Netw.},
	issue_date = {October, 2010},
	volume = {54},
	number = {15},
	month = {oct},
	year = {2010},
	issn = {1389-1286},
	pages = {2787--2805},
	numpages = {19},
	acmid = {1862541},
	publisher = {Elsevier North-Holland, Inc.},
	address = {New York, NY, USA},
	keywords = {Internet of Things, Pervasive computing, RFID systems},
}

@MISC{satoshibitcoin,
	author = {Satoshi Nakamoto},
	title = {Bitcoin: A peer-to-peer electronic cash system},
	howpublished = {\url{http://bitcoin.org/bitcoin.pdf}},
	note = {Accessed September 2015},
}

@TECHREPORT{hashcash,
    author = {Adam Back},
    title = {{Hashcash - A Denial of Service Counter-Measure}},
    year = {2002}
}

@MISC{hearnmicropay,
	author = {Mike Hearn and Jeremy Spilman},
	title = {Bitcoin contracts}, 
	howpublished = {\url{https://en.bitcoin.it/wiki/Contracts}},
	note = {Accessed September 2015},
}

@inproceedings{iotzhang,
	added-at = {2015-04-09T00:00:00.000+0200},
	author = {Zhang, Yu and Wen, Jiangtao},
	biburl = {http://www.bibsonomy.org/bibtex/2f20600ecfbf17c06cc49f97c6f4ebd12/dblp},
	booktitle = {ICIN},
	crossref = {conf/icin/2015},
	ee = {http://dx.doi.org/10.1109/ICIN.2015.7073830},
	interhash = {a40ea47b220e6510345ac679aa48a7ab},
	intrahash = {f20600ecfbf17c06cc49f97c6f4ebd12},
	isbn = {978-1-4799-1866-9},
	keywords = {dblp},
	pages = {184-191},
	publisher = {IEEE},
	timestamp = {2015-06-19T20:45:09.000+0200},
	title = {{An IoT electric business model based on the protocol of Bitcoin.}},
	year = 2015
}

@article{moneyfly,
	author    = {Kay Noyen and Dirk Volland and Dominic W{\"{o}}rner and Elgar Fleisch},
	title     = {{When Money Learns to Fly: Towards Sensing as a Service Applications Using Bitcoin}},
	journal   = {CoRR},
	volume    = {abs/1409.5841},
	year      = {2014},
	timestamp = {Wed, 01 Oct 2014 15:00:04 +0200},
}

@inproceedings{microrevisited,
	author    = {Silvio Micali and Ronald L. Rivest},
	title     = {Micropayments Revisited},
	booktitle = {Topics in Cryptology - {CT-RSA} 2002, The Cryptographer's Track at
	           the {RSA} Conference, 2002, San Jose, CA, USA, February 18-22, 2002,
	           Proceedings},
	pages     = {149--163},
	year      = {2002},
	crossref  = {DBLP:conf/ctrsa/2002},
	timestamp = {Wed, 29 Jun 2011 15:48:48 +0200},
}

@incollection{couponbased,
	year = {2013},
	booktitle = {Technological Innovation for the Internet of Things},
	volume = {394},
	series = {IFIP Advances in Information and Communication Technology},
	title= {{The Architecture of Coupon-Based, Semi-off-Line, Anonymous Micropayment System for Internet of Things}},
	publisher = {Springer Berlin Heidelberg},
	author = {Wilusz, Daniel and Rykowski, Jarogniew},
	pages = {125-132},
}

@inproceedings{Rivest:1996:PMT:647214.720369,
	author = {Rivest, Ronald L. and Shamir, Adi},
	title = {PayWord and MicroMint: Two Simple Micropayment Schemes},
	booktitle = {Proceedings of the International Workshop on Security Protocols},
	year = {1997},
	isbn = {3-540-62494-5},
	pages = {69--87},
	numpages = {19},
	publisher = {Springer-Verlag},
	address = {London, UK, UK},
} 

@inproceedings{Payeras-Capella:2003:EAS:1758260.1758276,
	author = {Payeras-Capell\`{a}, Magdalena and Ferrer-Gomila, Josep Llu\'{\i}s and Huguet-Rotger, Ll.},
	title = {{An Efficient Anonymous Scheme for Secure Micropayments}},
	booktitle = {{Proceedings of the 2003 International Conference on Web Engineering}},
	series = {ICWE'03},
	year = {2003},
	isbn = {3-540-40522-4},
	location = {Oviedo, Spain},
	pages = {80--83},
	numpages = {4},
	publisher = {Springer-Verlag},
	address = {Berlin, Heidelberg},
} 

@inproceedings{3279,
	title = {{Requirements  and  general  architecture of a payment system for the Future Internet}},
	journal = {Informatyka Ekonomiczna (Business Informatics)},
	volume = {2},
	year = {2012},
	pages = {91-103},
	author = {Wilusz, Daniel and Jarogniew Rykowski}
}

@MISC{forum,
	title = {Bitcoin discussion forum},
	howpublished = {\url{https://bitcointalk.org/}},
	note = {Accessed September 2015},
}

@MISC{ripplebitcoin,
	title = {{Combining Bitcoin and the Ripple to create a fast, scalable, decentralized, anonymous, low-trust payment network}},
	author = {C.J.Plooy},
	howpublished = {\url{http://www.ultimatestunts.nl/bitcoin/ripple_bitcoin_draft_2.pdf}},
	year = {2013},
	month = {January},
	note = {Accessed September 2015}
}

@MISC{eschaton,
	title = {Eschaton},
	author = {Alex Akselrod},
	howpublished = {\url{https://gist.github.com/aakselrod/9964667}},
	year = {2014},
	month = {April},
	note = {Accessed September 2015}
}

@MISC{draft,
	title = {Draft},
	author = {Alex Akselrod},
	howpublished = {\url{https://en.bitcoin.it/wiki/User:Aakselrod/Draft}},
	year = {2014},
	month = {March},
	note = {Accessed September 2015}
}

@MISC{hubandspoke,
	title = {Near-zero fee transactions with hub-and-spoke micropayments},
	author = {Peter Todd},
	year = {2014},
	month = {December},
	howpublished = {\url{http://sourceforge.net/p/bitcoin/mailman/message/}},
	note = {Accessed September 2015}
}

@MISC{lightning,
	title = {{The Bitcoin Lightning Network: Scalable Off-Chain Instant Payments}},
	author = {Joseph Poon and Thaddeus Dryja},
	year = {2015},
	month = {July},
	howpublished = {\url{https://lightning.network/lightning-network-paper.pdf}},
	note = {Accessed September 2015}
}

@article{malleability,
  author    = {Christian Decker and
               Roger Wattenhofer},
  title     = {{Bitcoin Transaction Malleability and MtGox}},
  journal   = {CoRR},
  volume    = {abs/1403.6676},
  year      = {2014},
  biburl    = {http://dblp.uni-trier.de/rec/bib/journals/corr/DeckerW14},
  bibsource = {dblp computer science bibliography, http://dblp.org}
}

@article{micropay2,
  title = {Micropayments for Decentralized Currencies},
  author = {Rafael Pass and Abhi Shelat}
}

@MISC{ripple,
	title = {Ripple},
	howpublished = {\url {https://ripple.com}},
	note = {Accessed September 2015}
}

@MISC{tor,
	title = {Tor},
	howpublished = {\url {https://www.torproject.org}},
	note = {Accessed September 2015}
}