@article{Bohli:2009:IOE:1517480.1517491,
 author = {Bohli, Jens-Matthias and Sorge, Christoph and Westhoff, Dirk},
 title = {Initial Observations on Economics, Pricing, and Penetration of the Internet of Things Market},
 journal = {SIGCOMM Comput. Commun. Rev.},
 issue_date = {April 2009},
 volume = {39},
 number = {2},
 month = mar,
 year = {2009},
 issn = {0146-4833},
 pages = {50--55},
 numpages = {6},
 url = {http://doi.acm.org/10.1145/1517480.1517491},
 doi = {10.1145/1517480.1517491},
 acmid = {1517491},
 publisher = {ACM},
 address = {New York, NY, USA},
 keywords = {internet of things, market, pricing, sensor networks},
} 


@article{Sheng:2013cm,
author = {Sheng, Xiang and Tang, Jian and Xiao, Xuejie and Xue, Guoliang},
title = {{Sensing as a Service: Challenges, Solutions and Future Directions}},
journal = {IEEE Sensors Journal},
year = {2013},
volume = {13},
number = {10},
pages = {3733--3741},
month = oct
}

@article{Ganti:2011bv,
author = {Ganti, Raghu K and Ye, Fan and Lei, Hui},
title = {{Mobile crowdsensing: current state and future challenges}},
journal = {IEEE Communications Magazine ()},
year = {2011},
volume = {49},
number = {11},
pages = {32--39},
month = nov
}

@inproceedings{Xiao:2013bt,
author = {Xiao, Yu and Simoens, Pieter and Pillai, Padmanabhan and Ha, Kiryong and Satyanarayanan, Mahadev},
title = {{Lowering the barriers to large-scale mobile crowdsensing}},
booktitle = {the 14th Workshop},
year = {2013},
pages = {1},
publisher = {ACM Press},
address = {New York, New York, USA},
annote = {Device fragmentation makes it hard develop crowd sensing applications and reaching a critcial mass is hard as well
Apps are meant to be self-contained and can't share information with each other}
}

@ARTICLE{7101300, 
author={Yang, D. and Xue, G. and Fang, G. and Tang, J.}, 
journal={Networking, IEEE/ACM Transactions on}, 
title={Incentive Mechanisms for Crowdsensing: Crowdsourcing With Smartphones}, 
year={2015}, 
month={}, 
volume={PP}, 
number={99}, 
pages={1-13}, 
keywords={Computational modeling;Crowdsourcing;Games;IEEE transactions;Mechanical factors;Sensors;Smart phones;Crowdsensing;Stackelberg game;crowdsourcing;incentive mechanism}, 
doi={10.1109/TNET.2015.2421897}, 
ISSN={1063-6692},}

@ARTICLE{7065282, 
author={Zhang, X. and Yang, Z. and Sun, W. and Liu, Y. and Tang, S. and Xing, K. and Mao, X.}, 
journal={Communications Surveys Tutorials, IEEE}, 
title={Incentives for Mobile Crowd Sensing: A Survey}, 
year={2015}, 
month={}, 
volume={PP}, 
number={99}, 
pages={1-1}, 
keywords={GSM;Games;Global Positioning System;IEEE 802.11 Standards;Mobile communication;Sensors;Smart phones;Crowd Sensing;Incentive Mechanisms;Reverse Auction}, 
doi={10.1109/COMST.2015.2415528}, 
ISSN={1553-877X},}

@ARTICLE{7055221, 
author={Jaimes, L.G. and Vergara-Laurens, I.J. and Raij, A.}, 
journal={Internet of Things Journal, IEEE}, 
title={A Survey on Incentive Techniques for Mobile Crowd Sensing}, 
year={2015}, 
volume={PP}, 
number={99}, 
pages={1-1}, 
keywords={Heuristic algorithms;Incentive schemes;Internet of things;Recruitment;Taxonomy;Temperature sensors;Crowd Sensing;Games;Incentives;Reverse Auction}, 
doi={10.1109/JIOT.2015.2409151}, 
ISSN={2327-4662}, 
month={},}

@incollection{Haderer:2015bx,
author = {Haderer, Nicolas and Paraiso, Fawaz and Ribeiro, Christophe and Merle, Philippe and Rouvoy, Romain and Seinturier, Lionel},
title = {{A Cloud-Based Infrastructure for Crowdsourcing Data from Mobile Devices}},
booktitle = {Crowdsourcing},
year = {2015},
pages = {243--265},
publisher = {Springer Berlin Heidelberg},
address = {Berlin, Heidelberg}
}

@article{Abdelwahab:2014dx,
author = {Abdelwahab, Sherif and Hamdaoui, Bechir and Guizani, Mohsen and Rayes, A},
title = {{Enabling Smart Cloud Services Through Remote Sensing: An Internet of Everything Enabler}},
journal = {Internet of Things Journal, IEEE},
year = {2014},
volume = {1},
number = {3},
pages = {276--288},
month = jun
}


@article{Mendez:2014kf,
author = {Mendez, Diego and A Labrador, Miguel},
title = {{A General Framework for Participatory Sensing Systems}},
journal = {Journal of Networks},
year = {2014},
volume = {9},
number = {11},
pages = {2994--3004},
month = feb
}

@article{Aharony:2011:SFI:2072697.2073099,
 author = {Aharony, Nadav and Pan, Wei and Ip, Cory and Khayal, Inas and Pentland, Alex},
 title = {Social fMRI: Investigating and Shaping Social Mechanisms in the Real World},
 journal = {Pervasive Mob. Comput.},
 issue_date = {December, 2011},
 volume = {7},
 number = {6},
 month = dec,
 year = {2011},
 issn = {1574-1192},
 pages = {643--659},
 numpages = {17},
 url = {http://dx.doi.org/10.1016/j.pmcj.2011.09.004},
 doi = {10.1016/j.pmcj.2011.09.004},
 acmid = {2073099},
 publisher = {Elsevier Science Publishers B. V.},
 address = {Amsterdam, The Netherlands, The Netherlands},
 keywords = {Mobile health, Mobile sensing, Rich data, Social computing, Social health},
} 

@article{poonbitcoin,
  title={The Bitcoin Lightning Network},
  author={Poon, Joseph and Dryja, Thaddeus},
  website={https://lightning.network/}
}

@incollection{decker2015Duplex,
year={2015},
isbn={978-3-319-21740-6},
booktitle={Stabilization, Safety, and Security of Distributed Systems},
volume={9212},
series={Lecture Notes in Computer Science},
editor={Pelc, Andrzej and Schwarzmann, Alexander A.},
doi={10.1007/978-3-319-21741-3_1},
title={A Fast and Scalable Payment Network with Bitcoin Duplex Micropayment Channels},
url={http://dx.doi.org/10.1007/978-3-319-21741-3_1},
publisher={Springer International Publishing},
author={Decker, Christian and Wattenhofer, Roger},
pages={3-18},
language={English}
}

@inproceedings{li2013providing,
  title={Providing privacy-aware incentives for mobile sensing},
  author={Li, Qinghua and Cao, Guohong},
  booktitle={Pervasive Computing and Communications (PerCom), 2013 IEEE International Conference on},
  pages={76--84},
  year={2013},
  organization={IEEE}
}

@INPROCEEDINGS{7218676, 
author={Xiang Zhang and Guoliang Xue and Ruozhou Yu and Dejun Yang and Jian Tang}, 
booktitle={Computer Communications (INFOCOM), 2015 IEEE Conference on}, 
title={Truthful incentive mechanisms for crowdsourcing}, 
year={2015}, 
pages={2830-2838}, 
keywords={incentive schemes;outsourcing;Mobicom paper;crowdsourcing platform;smart device;truthful incentive mechanism;user-centric model;Biological system modeling;Computational modeling;Computers;Conferences;Cost accounting;Crowdsourcing;Monopoly}, 
doi={10.1109/INFOCOM.2015.7218676}, 
month={April},}

@INPROCEEDINGS { Ra12a,
    AUTHOR = { Moo-Ryong Ra and Bin Liu and Tom La Porta and Ramesh Govindan },
    TITLE = { {Medusa: A Programming Framework for Crowd-Sensing Applications} },
    BOOKTITLE = { Proceedings of the 10th International Conference on Mobile Systems, Applications, and Services (MobiSys'12) },
    YEAR = { 2012 },
    MONTH = { June }}


@article{guo2015mobile,
  title={Mobile crowd sensing and computing: The review of an emerging human-powered sensing paradigm},
  author={Guo, Bin and Wang, Zhu and Yu, Zhiwen and Wang, Yu and Yen, Neil Y and Huang, Runhe and Zhou, Xingshe},
  journal={ACM Computing Surveys (CSUR)},
  volume={48},
  number={1},
  pages={7},
  year={2015},
  publisher={ACM}
}

@article{Christin2015,
title = "Privacy in mobile participatory sensing: Current trends and future challenges ",
journal = "Journal of Systems and Software ",
volume = "",
number = "",
pages = " - ",
year = "2015",
note = "",
issn = "0164-1212",
doi = "http://dx.doi.org/10.1016/j.jss.2015.03.067",
url = "http://www.sciencedirect.com/science/article/pii/S0164121215000692",
author = "Delphine Christin",
keywords = "Mobile sensing",
keywords = "Participatory sensing",
keywords = "Privacy "
}

@article{Mousa201549,
title = "Trust management and reputation systems in mobile participatory sensing applications: A survey ",
journal = "Computer Networks ",
volume = "90",
number = "",
pages = "49 - 73",
year = "2015",
note = "Crowdsourcing ",
issn = "1389-1286",
doi = "http://dx.doi.org/10.1016/j.comnet.2015.07.011",
url = "http://www.sciencedirect.com/science/article/pii/S1389128615002340",
author = "Hayam Mousa and Sonia Ben Mokhtar and Omar Hasan and Osama Younes and Mohiy Hadhoud and Lionel Brunie",
keywords = "Participatory sensing",
keywords = "Vulnerabilities",
keywords = "Trust systems",
keywords = "TPM",
keywords = "Reputation",
keywords = "Challenges "
}